<?xml version="1.0" encoding="UTF-8"?><collection xmlns="http://www.loc.gov/MARC21/slim"><record><leader>00586nam--2200217-u-4500</leader><controlfield tag="001">000050507</controlfield><controlfield tag="002">20161230</controlfield><controlfield tag="003">81918</controlfield><controlfield tag="005">20170131154305</controlfield><controlfield tag="008">070704s1000------------r-----000-0-eng-d</controlfield><datafield ind1=" " ind2=" " tag="020"><subfield code="a">981-3858-4(pbk)</subfield></datafield><datafield ind1=" " ind2=" " tag="040"><subfield code="a">IFIN-HH</subfield></datafield><datafield ind1="1" ind2=" " tag="100"><subfield code="a">Wu Chao ,Alexander and Tigner,Moury (eds.)</subfield></datafield><datafield ind1="1" ind2="0" tag="245"><subfield code="a">Handbook of Accelerator Physics and Engineering</subfield></datafield><datafield ind1=" " ind2=" " tag="250"><subfield code="a">3rd Printing</subfield></datafield><datafield ind1=" " ind2=" " tag="260"><subfield code="a">New Jersey</subfield><subfield code="b">World Scientific</subfield><subfield code="c">1999</subfield></datafield><datafield ind1=" " ind2=" " tag="300"><subfield code="a">702 p</subfield></datafield><datafield ind1=" " ind2=" " tag="504"><subfield code="a">Includes Index</subfield></datafield><datafield ind1=" " ind2="4" tag="650"><subfield code="a">Accelerator Physics</subfield></datafield><datafield ind1=" " ind2=" " tag="852"><subfield code="a">81918</subfield><subfield code="b">621.384.6</subfield></datafield><datafield ind1=" " ind2=" " tag="CAT"><subfield code="a">SYS</subfield><subfield code="c">20170131</subfield><subfield code="h">154305</subfield></datafield></record></collection>